@book{win:1,
  title =     {Windows Internals, Part 1: Covering Windows ServerÂ® 2008 R2 and Windows 7},
  author =    {Mark E. Russinovich, David A. Solomon, Alex Ionescu},
  publisher = {Microsoft Press},
  isbn =      {0735648735, 9780735648739},
  year =      {2012},
  series =    {},
  edition =   {6},
  volume =    {}
}

@book{win:2,
  title =     {Windows Internals, Part 2},
  author =    {Mark E. Russinovich, David A. Solomon, Alex Ionescu},
  publisher = {Microsoft Press},
  isbn =      {0735665877,9780735665873},
  year =      {2012},
  series =    {},
  edition =   {6},
  volume =    {}
}

@book{bsd:1,
  title =     {The Design and Implementation of the FreeBSD Operating System},
  author =    {Marshall Kirk McKusick, George V. Neville-Neil, Robert N.M. Watson},
  publisher = {Addison-Wesley Professional},
  isbn =      {0321968972,9780321968975},
  year =      {2014},
  series =    {},
  edition =   {2},
  volume =    {}
}

@article{bsd:2,
  title = {ZFS},
  url = {https://www.freebsd.org/doc/handbook/zfs.html}
}

@book{linux:1,
 author = {Love, Robert},
 title = {Linux Kernel Development},
 year = {2010},
 isbn = {0672329468, 9780672329463},
 edition = {3rd},
 publisher = {Addison-Wesley Professional},
}

@article{linux:2,
  title = {The Ext3 File System},
  url = {https://access.redhat.com/documentation/en-US/Red-Hat-Enterprise-Linux/6/html/Storage-Administration-Guide/ch-ext3.html}
}
